@inproceedings{chistikov2020re,
	title={Re-pairing brackets},
	author={Chistikov, Dmitry and Vyalyi, Mikhail},
	booktitle={Proceedings of the 35th Annual ACM/IEEE Symposium on Logic in Computer Science},
	pages={312--326},
	year={2020}
}

@article{fukukawa2013counting,
	title={Counting generalized Dyck paths},
	author={Fukukawa, Yukiko},
	journal={arXiv preprint arXiv:1304.5595},
	year={2013}
}