@inproceedings{chistikov2020re,
  title     = {Re-pairing brackets},
  author    = {Chistikov, Dmitry and Vyalyi, Mikhail},
  booktitle = {Proceedings of the 35th Annual ACM/IEEE Symposium on Logic in Computer Science},
  pages     = {312--326},
  year      = {2020}
}

@article{fukukawa2013counting,
  title   = {Counting generalized Dyck paths},
  author  = {Fukukawa, Yukiko},
  journal = {arXiv preprint arXiv:1304.5595},
  year    = {2013}
}

@article{rukavicka2011dp,
  author  = {Rukavicka, Josef},
  journal = {The Electronic Journal of Combinatorics},
  title   = {On generalized Dyck paths},
  volume  = {18},
  year    = {2013}
}

@online{agilePrinciples,
  author = {Beedle, Mike and others},
  title  = {The Agile Manifesto},
  year   = {2001},
  url    = {https://agilemanifesto.org/principles.html}
}

@online{whatisReact,
  author = {{Meta Platforms}},
  title  = {React},
  year   = {2023},
  url    = {https://react.dev/}
}

@online{singlepageapp,
  author = {{MDN Web Docs}},
  title  = {SPA (Single-page application)},
  year   = {2023},
  url    = {https://developer.mozilla.org/en-US/docs/Glossary/SPA}
}

@online{whatisFlask,
  author = {{Python Basics}},
  title  = {What is Flask?},
  year   = {2021},
  url    = {https://pythonbasics.org/what-is-flask-python/}
}

@online{flaskVSdjango,
  author = {Mashutin, Denis},
  title  = {Django vs Flask},
  year   = {2023},
  url    = {https://blog.jetbrains.com/pycharm/2023/11/django-vs-flask-which-is-the-best-python-web-framework/}
}

@online{whatisPyPy,
  author = {{The PyPy Team}},
  title  = {PyPy - Features},
  year   = {2024},
  url    = {https://www.pypy.org/features.html}
}

@online{materialUIbuttons,
  author = {{Google}},
  title  = {Buttons - Material Design},
  year   = {2018},
  url    = {https://m2.material.io/components/buttons}
}

@online{flaskCORS,
  author = {{MDN Web Docs}},
  title  = {Cross-Origin Resource Sharing (CORS)},
  year   = {2023},
  url    = {https://developer.mozilla.org/en-US/docs/Web/HTTP/CORS}
}

@online{jsonify,
  author = {Makai, Matt},
  title  = {flask.json jsonify},
  year   = {2021},
  url    = {https://www.fullstackpython.com/flask-json-jsonify-examples.html}
}

@online{bottomupint,
  author = {Rouse, Margaret},
  title  = {Bottom-Up Testing},
  year   = {2014},
  url    = {https://www.techopedia.com/definition/18035/bottom-up-testing}
}

@online{venv,
  author = {Python},
  title  = {venv - Creation of virtual environments},
  year   = {2024},
  url    = {https://docs.python.org/3/library/venv.html}
}

@online{spanElem,
  author = {{MDN Web Docs}},
  title  = {<span>: The Content Span element},
  year   = {2024},
  url    = {https://developer.mozilla.org/en-US/docs/Web/HTML/Element/span}
}